<record><leader>00000cas a22000007a 4500</leader><controlfield tag="001">20545257</controlfield><controlfield tag="008">891025d18801886mnuwr ne      0    0eng d</controlfield><datafield ind1=" " ind2=" " tag="010"><subfield code="a">sn 89064488 </subfield></datafield><datafield ind1=" " ind2=" " tag="040"><subfield code="a">MN#</subfield><subfield code="b">eng</subfield><subfield code="c">MN#</subfield><subfield code="d">GUA</subfield><subfield code="d">OCLCQ</subfield><subfield code="d">OCLCF</subfield><subfield code="d">OCLCO</subfield></datafield><datafield ind1=" " ind2=" " tag="042"><subfield code="a">msc</subfield></datafield><datafield ind1=" " ind2=" " tag="043"><subfield code="a">n-us-mn</subfield></datafield><datafield ind1=" " ind2=" " tag="052"><subfield code="a">4144</subfield><subfield code="b">S5</subfield><subfield code="b">M45</subfield></datafield><datafield ind1=" " ind2=" " tag="052"><subfield code="a">4143</subfield><subfield code="b">S6</subfield></datafield><datafield ind1="0" ind2="4" tag="245"><subfield code="a">The Sauk Centre herald and Melrose record.</subfield></datafield><datafield ind1=" " ind2=" " tag="260"><subfield code="a">Sauk Centre, Stearns County, Minn. ;</subfield><subfield code="a">Melrose, Stearns County, Minn. :</subfield><subfield code="b">Chas. F. Hendryx,</subfield><subfield code="c">1880-1886.</subfield></datafield><datafield ind1=" " ind2=" " tag="300"><subfield code="a">6 v.</subfield></datafield><datafield ind1=" " ind2=" " tag="310"><subfield code="a">Weekly</subfield></datafield><datafield ind1="0" ind2=" " tag="362"><subfield code="a">Vol. 14, no. 27 (Nov. 26, 1880)-v. 19, no. 47 (Apr. 22, 1886).</subfield></datafield><datafield ind1=" " ind2=" " tag="530"><subfield code="a">Available on microfilm from the Minnesota Historical Society.</subfield></datafield><datafield ind1=" " ind2="0" tag="651"><subfield code="a">Sauk Centre (Minn.)</subfield><subfield code="v">Newspapers.</subfield></datafield><datafield ind1=" " ind2="0" tag="651"><subfield code="a">Melrose (Minn.)</subfield><subfield code="v">Newspapers.</subfield></datafield><datafield ind1=" " ind2="7" tag="655"><subfield code="a">Newspapers.</subfield><subfield code="2">fast</subfield><subfield code="0">(OCoLC)fst01423814</subfield></datafield><datafield ind1=" " ind2="7" tag="651"><subfield code="a">Minnesota</subfield><subfield code="z">Melrose.</subfield><subfield code="2">fast</subfield><subfield code="0">(OCoLC)fst01220179</subfield></datafield><datafield ind1=" " ind2="7" tag="651"><subfield code="a">Minnesota</subfield><subfield code="z">Sauk Centre.</subfield><subfield code="2">fast</subfield><subfield code="0">(OCoLC)fst01227948</subfield></datafield><datafield ind1=" " ind2=" " tag="752"><subfield code="a">United States</subfield><subfield code="b">Minnesota</subfield><subfield code="c">Stearns</subfield><subfield code="d">Sauk Centre.</subfield></datafield><datafield ind1=" " ind2=" " tag="752"><subfield code="a">United States</subfield><subfield code="b">Minnesota</subfield><subfield code="c">Stearns</subfield><subfield code="d">Melrose.</subfield></datafield><datafield ind1="0" ind2="4" tag="780"><subfield code="t">Sauk Centre herald (Sauk Centre, Minn. : 1868)</subfield><subfield code="w">(DLC)sn 83025288</subfield></datafield><datafield ind1="0" ind2="4" tag="780"><subfield code="t">Melrose record</subfield></datafield><datafield ind1="0" ind2="0" tag="785"><subfield code="t">Sauk Centre herald (Sauk Centre, Minn. : 1886)</subfield><subfield code="w">(DLC)sn 89064489</subfield></datafield></record>